<?xml version="1.0" encoding="UTF-8"?><record xmlns="http://www.loc.gov/MARC21/slim" xmlns:cinclude="http://apache.org/cocoon/include/1.0" xmlns:zs="http://www.loc.gov/zing/srw/">
  <leader>00347cz  a2200121n  4500</leader>
  <controlfield tag="001">nb 91058356 </controlfield>
  <controlfield tag="003">DLC</controlfield>
  <controlfield tag="005">20050208155554.0</controlfield>
  <controlfield tag="008">911230n| acannaabn          |n aaa      </controlfield>
  <datafield tag="010" ind1=" " ind2=" ">
    <subfield code="a">nb 91058356 </subfield>
    <subfield code="z">n 2001015103</subfield>
  </datafield>
  <datafield tag="040" ind1=" " ind2=" ">
    <subfield code="a">Uk</subfield>
    <subfield code="b">eng</subfield>
    <subfield code="c">Uk</subfield>
    <subfield code="d">DLC</subfield>
  </datafield>
  <datafield tag="100" ind1="1" ind2=" ">
    <subfield code="a">Stiefel, Michael</subfield>
  </datafield>
  <datafield tag="670" ind1=" " ind2=" ">
    <subfield code="a">Application development using C and .net, c2002:</subfield>
    <subfield code="b">t.p. (Michael Stiefel)</subfield>
  </datafield>
</record>